
      <record>
         <leader>00000nz  a2200169   4500</leader>
         <controlfield tag="001">30076924</controlfield>
         <controlfield tag="003">RISM</controlfield>
         <controlfield tag="005">20160216</controlfield>
         <controlfield tag="008">160216n||az|||||||##########||||||||||||</controlfield>
         <datafield tag="040" ind1=" " ind2=" ">
            <subfield code="a">SK-BBvk</subfield>
         </datafield>
         <datafield tag="043" ind1=" " ind2=" ">
            <subfield code="c">XA-SK</subfield>
         </datafield>
         <datafield tag="110" ind1="2" ind2=" ">
            <subfield code="a">Verejná knižnica Mikuláša Kováča</subfield>
            <subfield code="c">Banská Bystrica</subfield>
            <subfield code="g">SK-BBvk</subfield>
         </datafield>
         <datafield tag="622" ind1=" " ind2=" ">
            <subfield code="e">Verejná knižnica Mikuláša Kováča, ul. Lazovná 28, 974 01 Banská Bystrica, Slovakia</subfield>
            <subfield code="u">http://www.vkmk.sk/</subfield>
         </datafield>
      </record>