
      <record>
         <leader>00000nz  a2200169   4500</leader>
         <controlfield tag="001">30000564</controlfield>
         <controlfield tag="003">RISM</controlfield>
         <controlfield tag="005">20160216</controlfield>
         <controlfield tag="008">160216n||az|||||||##########||||||||||||</controlfield>
         <datafield tag="040" ind1=" " ind2=" ">
            <subfield code="a">SK-BRa</subfield>
         </datafield>
         <datafield tag="043" ind1=" " ind2=" ">
            <subfield code="c">XA-SK</subfield>
         </datafield>
         <datafield tag="110" ind1="2" ind2=" ">
            <subfield code="a">Štátny archív v Bratislave</subfield>
            <subfield code="c">Bratislava</subfield>
            <subfield code="g">SK-BRa</subfield>
         </datafield>
         <datafield tag="410" ind1="2" ind2=" ">
            <subfield code="a">Štátny oblastný archív</subfield>
         </datafield>
         <datafield tag="410" ind1="2" ind2=" ">
            <subfield code="a">Okresný archív</subfield>
         </datafield>
         <datafield tag="622" ind1=" " ind2=" ">
            <subfield code="e">Štátny archív v Bratislave, Križkova 7, 811 04 Bratislava, Slovakia</subfield>
            <subfield code="u">http://www.minv.sk/?statny-archiv-v-bratislave</subfield>
         </datafield>
      </record>