
      <record>
         <leader>00000nz  a2200169   4500</leader>
         <controlfield tag="001">30004522</controlfield>
         <controlfield tag="003">RISM</controlfield>
         <controlfield tag="005">20160216</controlfield>
         <controlfield tag="008">160216n||az|||||||##########||||||||||||</controlfield>
         <datafield tag="040" ind1=" " ind2=" ">
            <subfield code="a">SK-BRd</subfield>
         </datafield>
         <datafield tag="043" ind1=" " ind2=" ">
            <subfield code="c">XA-SK</subfield>
         </datafield>
         <datafield tag="110" ind1="2" ind2=" ">
            <subfield code="a">Národné divadelné centrum</subfield>
            <subfield code="c">Bratislava</subfield>
            <subfield code="g">SK-BRd</subfield>
         </datafield>
         <datafield tag="410" ind1="2" ind2=" ">
            <subfield code="a">Theater Institute, Musical theater section</subfield>
         </datafield>
         <datafield tag="410" ind1="2" ind2=" ">
            <subfield code="a">Divadelný ústav, úsek hudobné divadlo</subfield>
         </datafield>
         <datafield tag="622" ind1=" " ind2=" ">
            <subfield code="e">Národné divadelné centrum, Jakubovo námestie 12, 813 57 Bratislava, Slovakia</subfield>
         </datafield>
      </record>