
      <record>
         <leader>00000nz  a2200169   4500</leader>
         <controlfield tag="001">30004527</controlfield>
         <controlfield tag="003">RISM</controlfield>
         <controlfield tag="005">20160216</controlfield>
         <controlfield tag="008">160216n||az|||||||##########||||||||||||</controlfield>
         <datafield tag="040" ind1=" " ind2=" ">
            <subfield code="a">SK-BRf</subfield>
         </datafield>
         <datafield tag="043" ind1=" " ind2=" ">
            <subfield code="c">XA-SK</subfield>
         </datafield>
         <datafield tag="110" ind1="2" ind2=" ">
            <subfield code="a">Slovenská filharmónia</subfield>
            <subfield code="c">Bratislava</subfield>
            <subfield code="g">SK-BRf</subfield>
         </datafield>
         <datafield tag="410" ind1="2" ind2=" ">
            <subfield code="a">Notový archív</subfield>
         </datafield>
         <datafield tag="410" ind1="2" ind2=" ">
            <subfield code="a">Slovak Philharmonic Orchestra</subfield>
         </datafield>
         <datafield tag="622" ind1=" " ind2=" ">
            <subfield code="e">Slovenská filharmónia, Notový archív, Medená 3, 816 01 Bratislava, Slovakia</subfield>
            <subfield code="u">http://www.filharmonia.sk/</subfield>
         </datafield>
      </record>