
      <record>
         <leader>00000nz  a2200169   4500</leader>
         <controlfield tag="001">30004523</controlfield>
         <controlfield tag="003">RISM</controlfield>
         <controlfield tag="005">20160216</controlfield>
         <controlfield tag="008">160216n||az|||||||##########||||||||||||</controlfield>
         <datafield tag="040" ind1=" " ind2=" ">
            <subfield code="a">SK-BRhis</subfield>
         </datafield>
         <datafield tag="043" ind1=" " ind2=" ">
            <subfield code="c">XA-SK</subfield>
         </datafield>
         <datafield tag="110" ind1="2" ind2=" ">
            <subfield code="a">Hudobné informačné stredisko hudobného fondu</subfield>
            <subfield code="c">Bratislava</subfield>
            <subfield code="g">SK-BRhis</subfield>
         </datafield>
         <datafield tag="410" ind1="2" ind2=" ">
            <subfield code="a">Music Information Center of the Slovak Music Collection</subfield>
         </datafield>
         <datafield tag="410" ind1="2" ind2=" ">
            <subfield code="a">Hudobné informačné stredisko Slovenského hudobného</subfield>
         </datafield>
         <datafield tag="622" ind1=" " ind2=" ">
            <subfield code="e">Hudobné informačné stredisko hudobného,  fondu, Fučikova 29, 811 02 Bratislava, Slovakia</subfield>
         </datafield>
      </record>