
      <record>
         <leader>00000nz  a2200169   4500</leader>
         <controlfield tag="001">30000566</controlfield>
         <controlfield tag="003">RISM</controlfield>
         <controlfield tag="005">20160216</controlfield>
         <controlfield tag="008">160216n||az|||||||##########||||||||||||</controlfield>
         <datafield tag="040" ind1=" " ind2=" ">
            <subfield code="a">SK-BRhs</subfield>
         </datafield>
         <datafield tag="043" ind1=" " ind2=" ">
            <subfield code="c">XA-SK</subfield>
         </datafield>
         <datafield tag="110" ind1="2" ind2=" ">
            <subfield code="a">Knižnica hudobného seminára Filozofickej fakulty Univerzity Komenského</subfield>
            <subfield code="c">Bratislava</subfield>
            <subfield code="g">SK-BRhs</subfield>
         </datafield>
         <datafield tag="410" ind1="2" ind2=" ">
            <subfield code="a">Chair of Aesthetics and the Science of Art, Philosophy Faculty of the Komenský University</subfield>
         </datafield>
         <datafield tag="622" ind1=" " ind2=" ">
            <subfield code="e">Knižnica hudobného seminára Filozofickej,  fakulty Univerzity Komenského, Gondova 2, 806 01 Bratislava, Slovakia</subfield>
         </datafield>
      </record>