
      <record>
         <leader>00000nz  a2200169   4500</leader>
         <controlfield tag="001">30004525</controlfield>
         <controlfield tag="003">RISM</controlfield>
         <controlfield tag="005">20160216</controlfield>
         <controlfield tag="008">160216n||az|||||||##########||||||||||||</controlfield>
         <datafield tag="040" ind1=" " ind2=" ">
            <subfield code="a">SK-BRk</subfield>
         </datafield>
         <datafield tag="043" ind1=" " ind2=" ">
            <subfield code="c">XA-SK</subfield>
         </datafield>
         <datafield tag="110" ind1="2" ind2=" ">
            <subfield code="a">Konzervatórium v Bratislave, knižnica</subfield>
            <subfield code="c">Bratislava</subfield>
            <subfield code="g">SK-BRk</subfield>
         </datafield>
         <datafield tag="410" ind1="2" ind2=" ">
            <subfield code="a">Conservatory of Bratislava, Library</subfield>
         </datafield>
         <datafield tag="622" ind1=" " ind2=" ">
            <subfield code="e">Konzervatórium v Bratislave, knižnica, Tolstého 11, 811 06 Bratislava, Slovakia</subfield>
            <subfield code="u">http://www.konzervatorium.sk/</subfield>
         </datafield>
      </record>