
      <record>
         <leader>00000nz  a2200169   4500</leader>
         <controlfield tag="001">30076925</controlfield>
         <controlfield tag="003">RISM</controlfield>
         <controlfield tag="005">20160216</controlfield>
         <controlfield tag="008">160216n||az|||||||##########||||||||||||</controlfield>
         <datafield tag="040" ind1=" " ind2=" ">
            <subfield code="a">SK-BRknm</subfield>
         </datafield>
         <datafield tag="043" ind1=" " ind2=" ">
            <subfield code="c">XA-SK</subfield>
         </datafield>
         <datafield tag="110" ind1="2" ind2=" ">
            <subfield code="a">Knižnica Slovenského národného múzea</subfield>
            <subfield code="c">Bratislava</subfield>
            <subfield code="g">SK-BRknm</subfield>
         </datafield>
         <datafield tag="622" ind1=" " ind2=" ">
            <subfield code="e">Knižnica Slovenského národného múze, Vajanského nábr. 2, Postfach 13, 810 06 Bratislava, Slovakia</subfield>
            <subfield code="u">http://www.n.snmkniznica.sk/</subfield>
         </datafield>
      </record>