
      <record>
         <leader>00000nz  a2200169   4500</leader>
         <controlfield tag="001">30002701</controlfield>
         <controlfield tag="003">RISM</controlfield>
         <controlfield tag="005">20160216</controlfield>
         <controlfield tag="008">160216n||az|||||||##########||||||||||||</controlfield>
         <datafield tag="040" ind1=" " ind2=" ">
            <subfield code="a">SK-BRl</subfield>
         </datafield>
         <datafield tag="043" ind1=" " ind2=" ">
            <subfield code="c">XA-SK</subfield>
         </datafield>
         <datafield tag="110" ind1="2" ind2=" ">
            <subfield code="a">Ústredná knižnica Slovenskej akadémie vied - Lyceálna knižnica</subfield>
            <subfield code="c">Bratislava</subfield>
            <subfield code="g">SK-BRl</subfield>
         </datafield>
         <datafield tag="622" ind1=" " ind2=" ">
            <subfield code="e">Ústredná knižnica Slovenskej akadémi, vied - Lyceálna knižnica, Konventná 15, 813 64  Bratislava, Slovakia</subfield>
            <subfield code="u">http://www.uk.sav.sk/uksav/</subfield>
         </datafield>
      </record>