
      <record>
         <leader>00000nz  a2200169   4500</leader>
         <controlfield tag="001">30000567</controlfield>
         <controlfield tag="003">RISM</controlfield>
         <controlfield tag="005">20160216</controlfield>
         <controlfield tag="008">160216n||az|||||||##########||||||||||||</controlfield>
         <datafield tag="040" ind1=" " ind2=" ">
            <subfield code="a">SK-BRm</subfield>
         </datafield>
         <datafield tag="043" ind1=" " ind2=" ">
            <subfield code="c">XA-SK</subfield>
         </datafield>
         <datafield tag="110" ind1="2" ind2=" ">
            <subfield code="a">Archív hlavného mesta SR Bratislavy&#xD;
</subfield>
            <subfield code="c">Bratislava</subfield>
            <subfield code="g">SK-BRm</subfield>
         </datafield>
         <datafield tag="410" ind1="2" ind2=" ">
            <subfield code="a">Archív mesta Bratislavy - Regionálna knižnica</subfield>
         </datafield>
         <datafield tag="622" ind1=" " ind2=" ">
            <subfield code="e">Archív hlavného mesta SR Bratislavy&#xD;
, Markova 1, P.O. Box 40, 850 05 Bratislava, Slovakia</subfield>
            <subfield code="u">http://www.minv.sk/?archiv-hlavneho-mesta-bratislava</subfield>
         </datafield>
      </record>