
      <record>
         <leader>00000nz  a2200169   4500</leader>
         <controlfield tag="001">30004526</controlfield>
         <controlfield tag="003">RISM</controlfield>
         <controlfield tag="005">20160216</controlfield>
         <controlfield tag="008">160216n||az|||||||##########||||||||||||</controlfield>
         <datafield tag="040" ind1=" " ind2=" ">
            <subfield code="a">SK-BRo</subfield>
         </datafield>
         <datafield tag="043" ind1=" " ind2=" ">
            <subfield code="c">XA-SK</subfield>
         </datafield>
         <datafield tag="110" ind1="2" ind2=" ">
            <subfield code="a">Opera Slovenského národného divadla</subfield>
            <subfield code="c">Bratislava</subfield>
            <subfield code="g">SK-BRo</subfield>
         </datafield>
         <datafield tag="410" ind1="2" ind2=" ">
            <subfield code="a">Opera of the Slovak National Theater</subfield>
         </datafield>
         <datafield tag="622" ind1=" " ind2=" ">
            <subfield code="e">Opera Slovenského národného divadla, Gorkého nám. 2, 89138 Bratislava, Slovakia</subfield>
         </datafield>
      </record>