
      <record>
         <leader>00000nz  a2200169   4500</leader>
         <controlfield tag="001">30004521</controlfield>
         <controlfield tag="003">RISM</controlfield>
         <controlfield tag="005">20160216</controlfield>
         <controlfield tag="008">160216n||az|||||||##########||||||||||||</controlfield>
         <datafield tag="040" ind1=" " ind2=" ">
            <subfield code="a">SK-BRr</subfield>
         </datafield>
         <datafield tag="043" ind1=" " ind2=" ">
            <subfield code="c">XA-SK</subfield>
         </datafield>
         <datafield tag="110" ind1="2" ind2=" ">
            <subfield code="a">Slovenský rozhlas, Hlavná redakcia hudobného vysielania</subfield>
            <subfield code="c">Bratislava</subfield>
            <subfield code="g">SK-BRr</subfield>
         </datafield>
         <datafield tag="410" ind1="2" ind2=" ">
            <subfield code="a">ČSSR Radio of Slovakia, General Direction for music programming</subfield>
         </datafield>
         <datafield tag="622" ind1=" " ind2=" ">
            <subfield code="e">Slovenský rozhlas, Hlavná redakcia,  hudobného vysielania, Mýtna 1, 812 90  Bratislava, Slovakia</subfield>
         </datafield>
      </record>