
      <record>
         <leader>00000nz  a2200169   4500</leader>
         <controlfield tag="001">30000568</controlfield>
         <controlfield tag="003">RISM</controlfield>
         <controlfield tag="005">20160216</controlfield>
         <controlfield tag="008">160216n||az|||||||##########||||||||||||</controlfield>
         <datafield tag="040" ind1=" " ind2=" ">
            <subfield code="a">SK-BRsa</subfield>
         </datafield>
         <datafield tag="043" ind1=" " ind2=" ">
            <subfield code="c">XA-SK</subfield>
         </datafield>
         <datafield tag="110" ind1="2" ind2=" ">
            <subfield code="a">Slovenský národný archív</subfield>
            <subfield code="c">Bratislava</subfield>
            <subfield code="g">SK-BRsa</subfield>
         </datafield>
         <datafield tag="410" ind1="2" ind2=" ">
            <subfield code="a">Slovak National Archive</subfield>
         </datafield>
         <datafield tag="410" ind1="2" ind2=" ">
            <subfield code="a">Státný Ústredný Archív Slovenskej Socialistickej Republiky</subfield>
         </datafield>
         <datafield tag="410" ind1="2" ind2=" ">
            <subfield code="a">Central State Archive of the Slovak Socialist Republic</subfield>
         </datafield>
         <datafield tag="410" ind1="2" ind2=" ">
            <subfield code="a">Státný slovenský ústredný archív</subfield>
         </datafield>
         <datafield tag="622" ind1=" " ind2=" ">
            <subfield code="e">Slovenský národný archív, Drotárska cesta 42, P.O. BOX 115, 840 05 Bratislava 45, Slovakia</subfield>
            <subfield code="u">http://www.minv.sk/?slovensky-narodny-archiv</subfield>
         </datafield>
      </record>