
      <record>
         <leader>00000nz  a2200169   4500</leader>
         <controlfield tag="001">30003242</controlfield>
         <controlfield tag="003">RISM</controlfield>
         <controlfield tag="005">20160216</controlfield>
         <controlfield tag="008">160216n||az|||||||##########||||||||||||</controlfield>
         <datafield tag="040" ind1=" " ind2=" ">
            <subfield code="a">SK-BRsav</subfield>
         </datafield>
         <datafield tag="043" ind1=" " ind2=" ">
            <subfield code="c">XA-SK</subfield>
         </datafield>
         <datafield tag="110" ind1="2" ind2=" ">
            <subfield code="a">Ústav hudobnej vedy Slovenská akadémia vied</subfield>
            <subfield code="c">Bratislava</subfield>
            <subfield code="g">SK-BRsav</subfield>
         </datafield>
         <datafield tag="410" ind1="2" ind2=" ">
            <subfield code="a">Musicology Institute of the Slovak Academy of Science</subfield>
         </datafield>
         <datafield tag="622" ind1=" " ind2=" ">
            <subfield code="e">Ústav hudobnej vedy Slovenská akadémia,  vied, Fajnorovo nábr. 1, 884 16 Bratislava, Slovakia</subfield>
         </datafield>
      </record>