
      <record>
         <leader>00000nz  a2200169   4500</leader>
         <controlfield tag="001">30004524</controlfield>
         <controlfield tag="003">RISM</controlfield>
         <controlfield tag="005">20160216</controlfield>
         <controlfield tag="008">160216n||az|||||||##########||||||||||||</controlfield>
         <datafield tag="040" ind1=" " ind2=" ">
            <subfield code="a">SK-BRsmu</subfield>
         </datafield>
         <datafield tag="043" ind1=" " ind2=" ">
            <subfield code="c">XA-SK</subfield>
         </datafield>
         <datafield tag="110" ind1="2" ind2=" ">
            <subfield code="a">Vysoká škola múzických umení, knižnica</subfield>
            <subfield code="c">Bratislava</subfield>
            <subfield code="g">SK-BRsmu</subfield>
         </datafield>
         <datafield tag="410" ind1="2" ind2=" ">
            <subfield code="a">Library of the Academy of Musical Arts</subfield>
         </datafield>
         <datafield tag="622" ind1=" " ind2=" ">
            <subfield code="e">Vysoká škola múzických umení, knižnica, Zochova 1, 813 01  Bratislava, Slovakia</subfield>
         </datafield>
      </record>