
      <record>
         <leader>00000nz  a2200169   4500</leader>
         <controlfield tag="001">30003960</controlfield>
         <controlfield tag="003">RISM</controlfield>
         <controlfield tag="005">20160216</controlfield>
         <controlfield tag="008">160216n||az|||||||##########||||||||||||</controlfield>
         <datafield tag="040" ind1=" " ind2=" ">
            <subfield code="a">SK-DK</subfield>
         </datafield>
         <datafield tag="043" ind1=" " ind2=" ">
            <subfield code="c">XA-SK</subfield>
         </datafield>
         <datafield tag="110" ind1="2" ind2=" ">
            <subfield code="a">Oravské múzeum P. O. Hviezdoslava - Čaplovičova knižnica</subfield>
            <subfield code="c">Dolný Kubín</subfield>
            <subfield code="g">SK-DK</subfield>
         </datafield>
         <datafield tag="622" ind1=" " ind2=" ">
            <subfield code="e">Oravské múzeum P. O. Hviezdoslava -, Čaplovičova knižnica, Hviezdoslavovo námestie 1692/7, 02601 Dolný Kubín, Slovakia</subfield>
            <subfield code="u">http://www.oravamuzeum.sk/</subfield>
         </datafield>
      </record>