
      <record>
         <leader>00000nz  a2200169   4500</leader>
         <controlfield tag="001">30002708</controlfield>
         <controlfield tag="003">RISM</controlfield>
         <controlfield tag="005">20160216</controlfield>
         <controlfield tag="008">160216n||az|||||||##########||||||||||||</controlfield>
         <datafield tag="040" ind1=" " ind2=" ">
            <subfield code="a">SK-KE</subfield>
         </datafield>
         <datafield tag="043" ind1=" " ind2=" ">
            <subfield code="c">XA-SK</subfield>
         </datafield>
         <datafield tag="110" ind1="2" ind2=" ">
            <subfield code="a">Evanjelický a. v. farský úrad - Lyceálna knižnica</subfield>
            <subfield code="c">Kežmarok</subfield>
            <subfield code="g">SK-KE</subfield>
         </datafield>
         <datafield tag="622" ind1=" " ind2=" ">
            <subfield code="e">Evanjelický a. v. farský úrad -, Lyceálna knižnica, Hviezdoslavova 18, 060 01 Kežmarok, Slovakia</subfield>
            <subfield code="u">http://www.ecavkk.sk/historia_kniznice.html</subfield>
         </datafield>
      </record>