
      <record>
         <leader>00000nz  a2200169   4500</leader>
         <controlfield tag="001">30000583</controlfield>
         <controlfield tag="003">RISM</controlfield>
         <controlfield tag="005">20160216</controlfield>
         <controlfield tag="008">160216n||az|||||||##########||||||||||||</controlfield>
         <datafield tag="040" ind1=" " ind2=" ">
            <subfield code="a">SK-KO</subfield>
         </datafield>
         <datafield tag="043" ind1=" " ind2=" ">
            <subfield code="c">XA-SK</subfield>
         </datafield>
         <datafield tag="110" ind1="2" ind2=" ">
            <subfield code="a">Archív mesta Košice</subfield>
            <subfield code="c">Košice</subfield>
            <subfield code="g">SK-KO</subfield>
         </datafield>
         <datafield tag="622" ind1=" " ind2=" ">
            <subfield code="e">Archív mesta Košice, Kováčska 20, 040 01 Košice, Slovakia</subfield>
            <subfield code="u">http://www.kosice.sk/clanok.asp?file=gov_org_poriadok_archiv.htm</subfield>
         </datafield>
      </record>