
      <record>
         <leader>00000nz  a2200169   4500</leader>
         <controlfield tag="001">30000019</controlfield>
         <controlfield tag="003">RISM</controlfield>
         <controlfield tag="005">20160216</controlfield>
         <controlfield tag="008">160216n||az|||||||##########||||||||||||</controlfield>
         <datafield tag="040" ind1=" " ind2=" ">
            <subfield code="a">SK-KRE</subfield>
         </datafield>
         <datafield tag="043" ind1=" " ind2=" ">
            <subfield code="c">XA-SK</subfield>
         </datafield>
         <datafield tag="110" ind1="2" ind2=" ">
            <subfield code="a">Štátny okresný archív Žiar nad Hronom</subfield>
            <subfield code="c">Kremnica</subfield>
            <subfield code="g">SK-KRE</subfield>
         </datafield>
         <datafield tag="410" ind1="2" ind2=" ">
            <subfield code="a">Municipal Archive</subfield>
         </datafield>
         <datafield tag="410" ind1="2" ind2=" ">
            <subfield code="a">Městský archív</subfield>
         </datafield>
         <datafield tag="622" ind1=" " ind2=" ">
            <subfield code="e">Štátny okresný archív Žiar nad Hron, nám. 1 maja, 967 01  Kremnica, Slovakia</subfield>
         </datafield>
      </record>