
      <record>
         <leader>00000nz  a2200169   4500</leader>
         <controlfield tag="001">30006299</controlfield>
         <controlfield tag="003">RISM</controlfield>
         <controlfield tag="005">20160216</controlfield>
         <controlfield tag="008">160216n||az|||||||##########||||||||||||</controlfield>
         <datafield tag="040" ind1=" " ind2=" ">
            <subfield code="a">SK-KREe</subfield>
         </datafield>
         <datafield tag="043" ind1=" " ind2=" ">
            <subfield code="c">XA-SK</subfield>
         </datafield>
         <datafield tag="110" ind1="2" ind2=" ">
            <subfield code="a">Knižnica evanjelického cirkevného sboru</subfield>
            <subfield code="c">Kremnica</subfield>
            <subfield code="g">SK-KREe</subfield>
         </datafield>
         <datafield tag="622" ind1=" " ind2=" ">
            <subfield code="e">Knižnica evanjelického cirkevného sbo, Križkova 394/12, 967 01 Kremnica, Slovakia</subfield>
         </datafield>
      </record>