
      <record>
         <leader>00000nz  a2200169   4500</leader>
         <controlfield tag="001">30002709</controlfield>
         <controlfield tag="003">RISM</controlfield>
         <controlfield tag="005">20160216</controlfield>
         <controlfield tag="008">160216n||az|||||||##########||||||||||||</controlfield>
         <datafield tag="040" ind1=" " ind2=" ">
            <subfield code="a">SK-KREf</subfield>
         </datafield>
         <datafield tag="043" ind1=" " ind2=" ">
            <subfield code="c">XA-SK</subfield>
         </datafield>
         <datafield tag="110" ind1="2" ind2=" ">
            <subfield code="a">Knižnica františkánov</subfield>
            <subfield code="c">Kremnica</subfield>
            <subfield code="g">SK-KREf</subfield>
         </datafield>
         <datafield tag="580" ind1=" " ind2=" ">
            <subfield code="x">SK-KRE</subfield>
            <subfield code="0">30000019</subfield>
         </datafield>
      </record>