
      <record>
         <leader>00000nz  a2200169   4500</leader>
         <controlfield tag="001">30005772</controlfield>
         <controlfield tag="003">RISM</controlfield>
         <controlfield tag="005">20160216</controlfield>
         <controlfield tag="008">160216n||az|||||||##########||||||||||||</controlfield>
         <datafield tag="040" ind1=" " ind2=" ">
            <subfield code="a">SK-KRU</subfield>
         </datafield>
         <datafield tag="043" ind1=" " ind2=" ">
            <subfield code="c">XA-SK</subfield>
         </datafield>
         <datafield tag="110" ind1="2" ind2=" ">
            <subfield code="a">Rímskokatolícky farský úrad, archív</subfield>
            <subfield code="c">Krupina</subfield>
            <subfield code="g">SK-KRU</subfield>
         </datafield>
      </record>