
      <record>
         <leader>00000nz  a2200169   4500</leader>
         <controlfield tag="001">30000592</controlfield>
         <controlfield tag="003">RISM</controlfield>
         <controlfield tag="005">20160216</controlfield>
         <controlfield tag="008">160216n||az|||||||##########||||||||||||</controlfield>
         <datafield tag="040" ind1=" " ind2=" ">
            <subfield code="a">SK-L</subfield>
         </datafield>
         <datafield tag="043" ind1=" " ind2=" ">
            <subfield code="c">XA-SK</subfield>
         </datafield>
         <datafield tag="110" ind1="2" ind2=" ">
            <subfield code="a">Rímskokatolícky farský kostol</subfield>
            <subfield code="c">Levoča</subfield>
            <subfield code="g">SK-L</subfield>
         </datafield>
         <datafield tag="410" ind1="2" ind2=" ">
            <subfield code="a">Kostelní archív</subfield>
         </datafield>
      </record>