
      <record>
         <leader>00000nz  a2200169   4500</leader>
         <controlfield tag="001">30061555</controlfield>
         <controlfield tag="003">RISM</controlfield>
         <controlfield tag="005">20160216</controlfield>
         <controlfield tag="008">160216n||az|||||||##########||||||||||||</controlfield>
         <datafield tag="040" ind1=" " ind2=" ">
            <subfield code="a">SK-LH</subfield>
         </datafield>
         <datafield tag="043" ind1=" " ind2=" ">
            <subfield code="c">XA-SK</subfield>
         </datafield>
         <datafield tag="110" ind1="2" ind2=" ">
            <subfield code="a">Rímskokatolícky farský úrad v Liptovskom Hrádku</subfield>
            <subfield code="c">Liptovský Hrádok</subfield>
            <subfield code="g">SK-LH</subfield>
         </datafield>
         <datafield tag="622" ind1=" " ind2=" ">
            <subfield code="e">Rímskokatolícky farský úrad v Liptovskom,  Hrádku, Pop lipami, 033 01 Liptovský Hrádok, Slovakia</subfield>
         </datafield>
      </record>