
      <record>
         <leader>00000nz  a2200169   4500</leader>
         <controlfield tag="001">30000595</controlfield>
         <controlfield tag="003">RISM</controlfield>
         <controlfield tag="005">20160216</controlfield>
         <controlfield tag="008">160216n||az|||||||##########||||||||||||</controlfield>
         <datafield tag="040" ind1=" " ind2=" ">
            <subfield code="a">SK-Mnm</subfield>
         </datafield>
         <datafield tag="043" ind1=" " ind2=" ">
            <subfield code="c">XA-SK</subfield>
         </datafield>
         <datafield tag="110" ind1="2" ind2=" ">
            <subfield code="a">Archív SNM - pobočka v SNM-Múzeá v Martine &#xD;
</subfield>
            <subfield code="c">Martin</subfield>
            <subfield code="g">SK-Mnm</subfield>
         </datafield>
         <datafield tag="410" ind1="2" ind2=" ">
            <subfield code="a">Archív Slovenského národného Musea</subfield>
         </datafield>
         <datafield tag="622" ind1=" " ind2=" ">
            <subfield code="e">Archív SNM - pobočka v SNM-Múzeá v, Martine &#xD;
, Malá hora 2, 036 01 Martin, Slovakia</subfield>
            <subfield code="u">http://www.snm.sk/</subfield>
         </datafield>
      </record>