
      <record>
         <leader>00000nz  a2200169   4500</leader>
         <controlfield tag="001">30003963</controlfield>
         <controlfield tag="003">RISM</controlfield>
         <controlfield tag="005">20160216</controlfield>
         <controlfield tag="008">160216n||az|||||||##########||||||||||||</controlfield>
         <datafield tag="040" ind1=" " ind2=" ">
            <subfield code="a">SK-MO</subfield>
         </datafield>
         <datafield tag="043" ind1=" " ind2=" ">
            <subfield code="c">XA-SK</subfield>
         </datafield>
         <datafield tag="110" ind1="2" ind2=" ">
            <subfield code="a">Štátny archív v Bratislave - pobočka Modra</subfield>
            <subfield code="c">Modra</subfield>
            <subfield code="g">SK-MO</subfield>
         </datafield>
         <datafield tag="410" ind1="2" ind2=" ">
            <subfield code="a">Štátny Okresný Archív Bratislava - videk v Pezinku</subfield>
         </datafield>
         <datafield tag="410" ind1="2" ind2=" ">
            <subfield code="a">Štátny Okresný Archív v Pezinku so sidlom v Modre</subfield>
         </datafield>
         <datafield tag="622" ind1=" " ind2=" ">
            <subfield code="e">Štátny archív v Bratislave - pobočka, Modra, Dolná 140, 900 01 Modra, Slovakia</subfield>
            <subfield code="u">http://www.minv.sk/?statny-archiv-v-bratislave-pobocka-modra</subfield>
         </datafield>
      </record>