
      <record>
         <leader>00000nz  a2200169   4500</leader>
         <controlfield tag="001">30078802</controlfield>
         <controlfield tag="003">RISM</controlfield>
         <controlfield tag="005">20160216</controlfield>
         <controlfield tag="008">160216n||az|||||||##########||||||||||||</controlfield>
         <datafield tag="040" ind1=" " ind2=" ">
            <subfield code="a">SK-Msnk</subfield>
         </datafield>
         <datafield tag="043" ind1=" " ind2=" ">
            <subfield code="c">SK</subfield>
         </datafield>
         <datafield tag="110" ind1="2" ind2=" ">
            <subfield code="a">Slovenská národná knižnica - Literárny archív - Hudobné fondy a zbierky</subfield>
            <subfield code="c">Martin</subfield>
            <subfield code="g">SK-Msnk</subfield>
         </datafield>
         <datafield tag="622" ind1=" " ind2=" ">
            <subfield code="e">Slovenská národná knižnica - Literárny,  archív - Hudobné fondy a zbierky, Námestie J. C. Hronského 1, 036 01 Martin, Slovakia</subfield>
            <subfield code="u">http://www.snk.sk/?hudobne-fondy-a-zbierky</subfield>
         </datafield>
      </record>