
      <record>
         <leader>00000nz  a2200169   4500</leader>
         <controlfield tag="001">30000599</controlfield>
         <controlfield tag="003">RISM</controlfield>
         <controlfield tag="005">20160216</controlfield>
         <controlfield tag="008">160216n||az|||||||##########||||||||||||</controlfield>
         <datafield tag="040" ind1=" " ind2=" ">
            <subfield code="a">SK-N</subfield>
         </datafield>
         <datafield tag="043" ind1=" " ind2=" ">
            <subfield code="c">XA-SK</subfield>
         </datafield>
         <datafield tag="110" ind1="2" ind2=" ">
            <subfield code="a">Štátný oblastný archív - Ivanka pri Nitre</subfield>
            <subfield code="c">Nitra</subfield>
            <subfield code="g">SK-N</subfield>
         </datafield>
         <datafield tag="410" ind1="2" ind2=" ">
            <subfield code="a">State Archive</subfield>
         </datafield>
         <datafield tag="622" ind1=" " ind2=" ">
            <subfield code="e">Štátný oblastný archív - Ivanka pri,  Nitre, Dukelska 1, 949 01 Nítra, Slovakia</subfield>
         </datafield>
      </record>