
      <record>
         <leader>00000nz  a2200169   4500</leader>
         <controlfield tag="001">30061589</controlfield>
         <controlfield tag="003">RISM</controlfield>
         <controlfield tag="005">20160216</controlfield>
         <controlfield tag="008">160216n||az|||||||##########||||||||||||</controlfield>
         <datafield tag="040" ind1=" " ind2=" ">
            <subfield code="a">SK-PIEbm</subfield>
         </datafield>
         <datafield tag="043" ind1=" " ind2=" ">
            <subfield code="c">XA-SK</subfield>
         </datafield>
         <datafield tag="110" ind1="2" ind2=" ">
            <subfield code="a">Balneologické Múzeum</subfield>
            <subfield code="c">Piešťany</subfield>
            <subfield code="g">SK-PIEbm</subfield>
         </datafield>
         <datafield tag="622" ind1=" " ind2=" ">
            <subfield code="e">Balneologické Múzeum, Beethovenova 5, 921 01 Piešťany, Slovakia</subfield>
            <subfield code="u">http://www.balneomuzeum.sk</subfield>
         </datafield>
      </record>