
      <record>
         <leader>00000nz  a2200169   4500</leader>
         <controlfield tag="001">30006599</controlfield>
         <controlfield tag="003">RISM</controlfield>
         <controlfield tag="005">20160216</controlfield>
         <controlfield tag="008">160216n||az|||||||##########||||||||||||</controlfield>
         <datafield tag="040" ind1=" " ind2=" ">
            <subfield code="a">SK-PREsvk</subfield>
         </datafield>
         <datafield tag="043" ind1=" " ind2=" ">
            <subfield code="c">XA-SK</subfield>
         </datafield>
         <datafield tag="110" ind1="2" ind2=" ">
            <subfield code="a">Štátna vedecká knižnica</subfield>
            <subfield code="c">Prešov</subfield>
            <subfield code="g">SK-PREsvk</subfield>
         </datafield>
         <datafield tag="622" ind1=" " ind2=" ">
            <subfield code="e">Štátna vedecká knižnica, Hlavná  99, 081 89 Prešov, Slovakia</subfield>
            <subfield code="u">http://www.svkpo.sk</subfield>
         </datafield>
      </record>