
      <record>
         <leader>00000nz  a2200169   4500</leader>
         <controlfield tag="001">30000620</controlfield>
         <controlfield tag="003">RISM</controlfield>
         <controlfield tag="005">20160216</controlfield>
         <controlfield tag="008">160216n||az|||||||##########||||||||||||</controlfield>
         <datafield tag="040" ind1=" " ind2=" ">
            <subfield code="a">SK-Sk</subfield>
         </datafield>
         <datafield tag="043" ind1=" " ind2=" ">
            <subfield code="c">XA-SK</subfield>
         </datafield>
         <datafield tag="110" ind1="2" ind2=" ">
            <subfield code="a">Dóm sv. Martina, Knižnica Spišskej Kapituly</subfield>
            <subfield code="c">Spišská Kapitula</subfield>
            <subfield code="g">SK-Sk</subfield>
         </datafield>
         <datafield tag="410" ind1="2" ind2=" ">
            <subfield code="a">Katedrálny Rímsko-Katolický Kostol, Knižnica Spišskej Kapituly</subfield>
         </datafield>
      </record>