
      <record>
         <leader>00000nz  a2200169   4500</leader>
         <controlfield tag="001">30005778</controlfield>
         <controlfield tag="003">RISM</controlfield>
         <controlfield tag="005">20160216</controlfield>
         <controlfield tag="008">160216n||az|||||||##########||||||||||||</controlfield>
         <datafield tag="040" ind1=" " ind2=" ">
            <subfield code="a">SK-TRs</subfield>
         </datafield>
         <datafield tag="043" ind1=" " ind2=" ">
            <subfield code="c">XA-SK</subfield>
         </datafield>
         <datafield tag="110" ind1="2" ind2=" ">
            <subfield code="a">Spolok svätého Vojtecha, archív a knižnica</subfield>
            <subfield code="c">Trnava</subfield>
            <subfield code="g">SK-TRs</subfield>
         </datafield>
         <datafield tag="622" ind1=" " ind2=" ">
            <subfield code="e">Spolok svätého Vojtecha, archív a, knižnica, Radlinského 5, 917 01 Trnava, Slovakia</subfield>
            <subfield code="u">http://www.ssv.sk/</subfield>
         </datafield>
      </record>